@article{agrirobo,
    title    = "Robots in Agriculture: State of Art and Practical Experiences",
    author   = "Juan Jesús Roldán and Jaime del Cerro and  David Garzón‐Ramos and Pablo Garcia‐Aunon and Mario Garzón and Jorge de León and Antonio Barrientos",  
    year     = "2018",   
    journal  = "Service Robots Antonio Neves, IntechOpen",
    note     = "DOI: 10.5772/intechopen.69874. Available from: https://www.intechopen.com/books/service-robots/robots-in-agriculture-state-of-art-and-practical-experiences" 
}

@article{dairyrobo,
    title    = "Robotics: An emerging technology in dairy and food industry: Review",
    author   = "Meshram BD and Shaikh Adil and Suvartan Ranvir",
    year     = "2018",
    journal  = "International Journal of Chemical Studies"
}

@misc{digitswww,
    title    = "Nvidia {DIGITS}",
    note     = "https://developer.nvidia.com/digits"
}